
@misc{joseph_steinberg_massive_2014,
	title = {Massive Internet Security Vulnerability -- Here's What You Need To Do},
	url = {http://www.forbes.com/sites/josephsteinberg/2014/04/10/massive-internet-security-vulnerability-you-are-at-risk-what-you-need-to-do/},
	abstract = {Several days ago, after researchers reported a severe Internet security vulnerability, near hysteric articles began to appear in the press – some even recommending that people change all of their Internet passwords or stay off the Internet altogether. “Facts” were reported incorrectly, and bad ideas have appeared as recommendations; someone [...]},
	urldate = {2014-06-02},
	journal = {Forbes},
	author = {{Joseph Steinberg}},
	year = {2014},
	keywords = {bank, credit card, cybersecurity, Entrepreneurs, Facebook, Green Armor, heartbleed, {HTTP}, identity theft, information security, infosec, Joseph Steinberg, Management, Mashable, {OpenSSL}, Rethinking Risk, Risk, security, {SSL}, Startups, Tech, vulnerability}
}

@misc{limer_how_2014,
	title = {How Heartbleed Works: The Code Behind the Internet's Security Nightmare},
	shorttitle = {How Heartbleed Works},
	url = {http://gizmodo.com/how-heartbleed-works-the-code-behind-the-internets-se-1561341209},
	abstract = {By now you've surely heard of Heartbleed, the hole in the internet's security that exposed countless encrypted transactions to any attacker who knew how to abuse it. But how did it actually work? Once you break it down, it's actually incredibly simple. And a little hilarious. But mostly terrifying.},
	urldate = {2014-06-02},
	journal = {Gizmodo},
	author = {Limer, Eric},
	year = {2014},
	keywords = {code, coding, encryption, Gizmodo, heartbleed, {OpenSSL}, security},
	file = {Snapshot:/Users/max/Library/Application Support/Zotero/Profiles/s8qdhoal.default/zotero/storage/VXGCENT4/how-heartbleed-works-the-code-behind-the-internets-se-1561341209.html:text/html}
}

@misc{bruce_schneier_heartbleed_2014,
	title = {Heartbleed},
	url = {https://www.schneier.com/blog/archives/2014/04/heartbleed.html},
	language = {en},
	urldate = {2014-08-06},
	journal = {Schneier on Security},
	author = {{Bruce Schneier}},
	year = {2014}
}

@misc{riley_nsa_2014,
	title = {{NSA} Said to Exploit Heartbleed Bug for Intelligence for Years},
	url = {http://www.bloomberg.com/news/2014-04-11/nsa-said-to-have-used-heartbleed-bug-exposing-consumers.html},
	abstract = {The U.S. National Security Agency knew for at least two years about a flaw in the way that many websites send sensitive information, now dubbed the Heartbleed bug, and regularly used it to gather critical intelligence, two people familiar with the matter said.},
	urldate = {2014-06-02},
	journal = {Bloomberg},
	author = {Riley, Michael},
	month = apr,
	year = {2014},
	file = {Bloomberg Printable:/Users/max/Library/Application Support/Zotero/Profiles/s8qdhoal.default/zotero/storage/AI8CDIUK/nsa-said-to-have-used-heartbleed-bug-exposing-consumers.html:text/html;Bloomberg Printable:/Users/max/Library/Application Support/Zotero/Profiles/s8qdhoal.default/zotero/storage/39BR9UPP/nsa-said-to-have-used-heartbleed-bug-exposing-consumers.html:text/html}
}

@misc{ward_heartbleed_2014,
	title = {Heartbleed used against net thieves},
	url = {http://www.bbc.com/news/technology-27203766},
	urldate = {2014-07-22},
	journal = {{BBC} News},
	author = {Ward, Mark and News, B. B. C.},
	year = {2014}
}

@misc{team_heartbleed_2014,
	title = {The Heartbleed Hit List: The Passwords You Need to Change Right Now},
	shorttitle = {The Heartbleed Hit List},
	url = {http://mashable.com/2014/04/09/heartbleed-bug-websites-affected/},
	abstract = {Heartbleed: A look at which companies have issued a security patch to fix the Heartbleed bug.},
	urldate = {2014-07-22},
	journal = {Mashable},
	author = {Team, Mashable},
	month = apr,
	year = {2014},
	keywords = {Internal - Editorial Series, Internal - Editorial Series - Heartbleed, Topics - Apps and Software, Topics - banks, Topics - Facebook, Topics - Google, Topics - Heartbleed Bug, Topics - Mashable Must Reads, Topics - Mobile, Topics - security, Topics - Tech, Topics - Twitter, Topics - U.S., Topics - Uncategorized, Topics - World, Topics - Yahoo},
	file = {Snapshot:/Users/max/Library/Application Support/Zotero/Profiles/s8qdhoal.default/zotero/storage/KTWJABXI/heartbleed-bug-websites-affected.html:text/html}
}

@misc{codenomicon_heartbleed_2014,
	title = {Heartbleed Bug},
	url = {http://heartbleed.com},
	urldate = {2014-08-06},
	author = {{Codenomicon}},
	month = apr,
	year = {2014}
}

@misc{timson_who_2014,
	title = {Who is Robin Seggelmann and did his Heartbleed break the internet?},
	url = {http://www.smh.com.au/it-pro/security-it/who-is-robin-seggelmann-and-did-his-heartbleed-break-the-internet-20140411-zqtjj.html},
	abstract = {German computer programmer Robin Seggelman is the man whose coding mistake, now known as Heartbleed, has left millions of internet users and thousands of websites vulnerable to hackers.},
	urldate = {2014-07-23},
	journal = {The Sydney Morning Herald},
	author = {Timson, Lia},
	year = {2014},
	file = {Snapshot:/Users/max/Library/Application Support/Zotero/Profiles/s8qdhoal.default/zotero/storage/35G35GHG/who-is-robin-seggelmann-and-did-his-heartbleed-break-the-internet-20140411-zqtjj.html:text/html}
}

@misc{melancon_heartbleed_2014,
	title = {Heartbleed, Open Source and Open Sores},
	url = {http://www.tripwire.com/state-of-security/security-data-protection/heartbleed-open-source-and-open-sores/},
	abstract = {Now that things are settling down after Heartbleed, I think about some of the conversations I’ve had about {OpenSSL} and open source software over the past couple of weeks. There is a persistent misconception that open source is automatically trustworthy because it is open and more transparent than proprietary (aka closed source) software. This is …… Read More},
	urldate = {2014-07-23},
	journal = {The State of Security},
	author = {Melancon, Dwayne},
	year = {2014},
	keywords = {application security, developers, development, heartbleed, {OpenSSL}, Resilience, secure coding, Software Assurance, trust, vulnerabilities},
	file = {Snapshot:/Users/max/Library/Application Support/Zotero/Profiles/s8qdhoal.default/zotero/storage/DKFVZCN2/heartbleed-open-source-and-open-sores.html:text/html}
}

@misc{zdnet_heartbleed:_2014,
	title = {Heartbleed: Is the open source development model broken?},
	shorttitle = {Heartbleed},
	url = {http://www.zdnet.com/debate/heartbleed-is-the-open-source-development-model-broken/10139664/},
	urldate = {2014-07-23},
	journal = {{ZDNet}},
	author = {{ZDNet}},
	year = {2014},
	file = {Snapshot:/Users/max/Library/Application Support/Zotero/Profiles/s8qdhoal.default/zotero/storage/C54HUGQQ/10139664.html:text/html}
}

@misc{wikipedia_linuss_2014,
	title = {Linus's Law},
	copyright = {Creative Commons Attribution-{ShareAlike} License},
	url = {http://en.wikipedia.org/w/index.php?title=Linus%27s_Law&oldid=617879014},
	abstract = {There are two statements named Linus's Law: one by Eric S. Raymond concerning software bug detection by a community, and the other by Linus Torvalds about the motivations of programmers.},
	language = {en},
	urldate = {2014-07-23},
	journal = {Wikipedia, the free encyclopedia},
	author = {{Wikipedia}},
	month = jul,
	year = {2014},
	note = {Page Version {ID}: 617879014},
	file = {Snapshot:/Users/max/Library/Application Support/Zotero/Profiles/s8qdhoal.default/zotero/storage/QXIJGK4P/index.html:text/html}
}

@misc{lee_post-heartbleed_2014,
	title = {Post-Heartbleed, Open Source Gets A New Security Attitude},
	url = {http://readwrite.com/2014/04/24/open-source-linux-foundation-core-infrastructure-initiative-google-amazon-facebook-ibm-microsoft},
	abstract = {In the wake of the Heartbleed bug, 12 tech giants back a new initiative to ensure the security of critical open-source projects.},
	urldate = {2014-07-23},
	journal = {{ReadWrite}},
	author = {Lee, Adriana},
	year = {2014},
	keywords = {Chris {DiBona}, heartbleed, Jim Zemlin, Linus Torvalds, Linux, Linux Foundation, open source, {OpenSSL}, security},
	file = {Snapshot:/Users/max/Library/Application Support/Zotero/Profiles/s8qdhoal.default/zotero/storage/7QWFGBEE/open-source-linux-foundation-core-infrastructure-initiative-google-amazon-facebook-ibm-microsof.html:text/html}
}

@misc{vaughan-nichols_cash_2014,
	title = {Cash, the Core Infrastructure Initiative, and open source projects},
	url = {http://www.zdnet.com/cash-the-core-infrastructure-initiative-and-open-source-projects-7000028842/},
	abstract = {The tech giants will be supporting mission-critical open-source software development with the Core Infrastructure Initiative and here's how it's going to work.},
	urldate = {2014-07-23},
	journal = {{ZDNet}},
	author = {Vaughan-Nichols, Steven J.},
	year = {2014},
	file = {Snapshot:/Users/max/Library/Application Support/Zotero/Profiles/s8qdhoal.default/zotero/storage/EG9ADRZA/cash-the-core-infrastructure-initiative-and-open-source-projects-7000028842.html:text/html}
}

@misc{stokel-walker_internet_2014,
	title = {The Internet Is Being Protected By Two Guys Named Steve},
	url = {http://www.buzzfeed.com/chrisstokelwalker/the-internet-is-being-protected-by-two-guys-named-st},
	abstract = {The Heartbleed bug put the spotlight on {OpenSSL}, the security toolkit used by many of the internet's biggest sites and looked after primarily by two men who've never met in person. For the ...},
	urldate = {2014-07-23},
	journal = {{BuzzFeed}},
	author = {Stokel-Walker, Chris},
	year = {2014},
	keywords = {coding, heartbleed bug, open source code, {OpenSSL}, stephen henson, steve marquess},
	file = {Snapshot:/Users/max/Library/Application Support/Zotero/Profiles/s8qdhoal.default/zotero/storage/K3Q6J5I2/the-internet-is-being-protected-by-two-guys-named-st.html:text/html}
}

@misc{magid_nsa_2014,
	title = {{NSA} Denies Report It Knew About And Exploited Heartbleed For Years},
	url = {http://www.forbes.com/sites/larrymagid/2014/04/11/report-nsa-knew-about-and-exploited-heartbleed-for-years/},
	abstract = {Updated with {NSA} denial Bloomberg is reporting that the National Security Agency knew about the Heartbleed flaw for at least two years and "regularly used it to gather critical intelligence," according to two sources. {NSA} denial The {NSA} has denied the Bloomberg report. "Reports that {NSA} or any other part of the government were [...]},
	urldate = {2014-07-23},
	journal = {Forbes},
	author = {Magid, Larry},
	year = {2014},
	keywords = {privacy, Tech}
}

@misc{zetter_report:_2014,
	title = {Report: {NSA} Exploited Heartbleed to Siphon Passwords for Two Years {\textbar} Threat Level},
	shorttitle = {Report},
	url = {http://www.wired.com/2014/04/nsa-exploited-heartbleed-two-years/},
	abstract = {The {NSA} knew about and exploited the Heartbleed vulnerability for two years before it was publicly exposed this week, and used it to steal account passwords and other data, according to a news report.},
	urldate = {2014-07-23},
	journal = {{WIRED}},
	author = {Zetter, Kim},
	month = apr,
	year = {2014},
	keywords = {culture, electronics, gadgets, gizmos, politics, reviews, science, Tech, tech news, technology, Wired Blogs, Wired News, Wired.com},
	file = {Snapshot:/Users/max/Library/Application Support/Zotero/Profiles/s8qdhoal.default/zotero/storage/WXXRF7JM/nsa-exploited-heartbleed-two-years.html:text/html}
}

@misc{bbc_news_nsa_2014,
	title = {{NSA} denies it knew of Heartbleed bug},
	url = {http://www.bbc.com/news/technology-27004713},
	urldate = {2014-07-23},
	journal = {{BBC} News},
	author = {{BBC News}},
	year = {2014}
}

@misc{higgins_did_2014,
	title = {Did A Faulty Memory Feature Lead To Heartbleed?},
	url = {http://www.darkreading.com/vulnerabilities---threats/did-a-faulty-memory-feature-lead-to-heartbleed/d/d-id/1204505},
	abstract = {Debate arises over an older memory allocation feature in {OpenSSL}, and the {OpenBSD} community starts to tear down and revise the crypto software for its own use.},
	urldate = {2014-07-23},
	journal = {Dark Reading},
	author = {Higgins, Kelly Jackson},
	year = {2014},
	file = {Snapshot:/Users/max/Library/Application Support/Zotero/Profiles/s8qdhoal.default/zotero/storage/EU9UNHUA/1204505.html:text/html}
}

@misc{unangst_heartbleed_2014,
	title = {heartbleed vs malloc.conf},
	url = {http://www.tedunangst.com/flak/post/heartbleed-vs-mallocconf},
	urldate = {2014-08-06},
	author = {Unangst, Ted},
	year = {2014}
}

@misc{grubb_heartbleed_2014,
	title = {Heartbleed disclosure timeline: who knew what and when},
	shorttitle = {Heartbleed disclosure timeline},
	url = {http://www.smh.com.au/it-pro/security-it/heartbleed-disclosure-timeline-who-knew-what-and-when-20140415-zqurk.html},
	abstract = {Ever since Heartbleed was made public there have been questions about who knew what and when.},
	urldate = {2014-08-06},
	journal = {The Sydney Morning Herald},
	author = {Grubb, Ben},
	year = {2014},
	file = {Snapshot:/Users/max/Library/Application Support/Zotero/Profiles/s8qdhoal.default/zotero/storage/JMIFZK3F/heartbleed-disclosure-timeline-who-knew-what-and-when-20140415-zqurk.html:text/html}
}

@misc{seltzer_chrome_2014,
	title = {Chrome does certificate revocation better},
	url = {http://www.zdnet.com/chrome-does-certificate-revocation-better-7000028589/},
	abstract = {There's a dirty little industry secret: The classic methods of certificate revocation don't really work. That's why Google Chrome doesn't do certificate revocation checking the normal way.},
	urldate = {2014-08-06},
	journal = {{ZDNet}},
	author = {Seltzer, Larry},
	year = {2014},
	file = {Snapshot:/Users/max/Library/Application Support/Zotero/Profiles/s8qdhoal.default/zotero/storage/4VSAPWSD/chrome-does-certificate-revocation-better-7000028589.html:text/html}
}

@misc{huston_best_2009,
	title = {Best Practices for Certificate Expiration {\textbar} {MSI} :: State of {SecurityMSI} :: State of Security},
	shorttitle = {Best Practices for Certificate Expiration {\textbar} {MSI}},
	url = {http://stateofsecurity.com/?p=548},
	urldate = {2014-08-06},
	author = {Huston, Brent},
	year = {2009},
	file = {Snapshot:/Users/max/Library/Application Support/Zotero/Profiles/s8qdhoal.default/zotero/storage/ZSABK26Z/stateofsecurity.com.html:text/html}
}

@misc{openssl_openssl_2014,
	title = {{OpenSSL} Security Advisory},
	url = {https://www.openssl.org/news/secadv_20140407.txt},
	urldate = {2014-08-06},
	author = {{OpenSSL}},
	year = {2014}
}

@article{schulz_programmierer_2014,
	title = {Programmierer über seinen „Heartbleed“-Bug „Ein Fehler, keine Beteiligung, kein Zusammenhang“},
	issn = {0174-4909},
	url = {http://www.faz.net/aktuell/feuilleton/debatten/ueberwachung/programmierer-nennt-heartbleed-bug-einen-fehler-12891134.html},
	abstract = {Ist die Sicherheitslücke „Heartbleed“ durch einen Programmierfehler entstanden oder möglicherweise bewusst installiert worden? Der Programmierer der Software meldet sich zu Wort.},
	language = {Deutsch},
	urldate = {2014-08-06},
	journal = {Frankfurter Allgemeine Zeitung},
	author = {Schulz, Stefan},
	month = apr,
	year = {2014},
	file = {FAZ.NET Article Snapshot:/Users/max/Library/Application Support/Zotero/Profiles/s8qdhoal.default/zotero/storage/XKSNHXHA/programmierer-nennt-heartbleed-bug-einen-fehler-12891134.html:text/html}
}

@misc{brodkin_heartbleed_2014,
	title = {Heartbleed developer explains {OpenSSL} mistake that put Web at risk},
	url = {http://arstechnica.com/information-technology/2014/04/heartbleed-developer-explains-openssl-mistake-that-put-web-at-risk/},
	abstract = {"Trivial" coding error in open source project wasn't intentional, report says.},
	urldate = {2014-08-06},
	journal = {Ars Technica},
	author = {Brodkin, Jon},
	month = apr,
	year = {2014},
	keywords = {heartbleed, {OpenSSL}, type: brief},
	file = {Snapshot:/Users/max/Library/Application Support/Zotero/Profiles/s8qdhoal.default/zotero/storage/7HB6UMF6/heartbleed-developer-explains-openssl-mistake-that-put-web-at-risk.html:text/html}
}

@misc{cassidy_diagnosis_2014,
	title = {Diagnosis of the {OpenSSL} Heartbleed Bug},
	url = {http://blog.existentialize.com/diagnosis-of-the-openssl-heartbleed-bug.html},
	urldate = {2014-08-06},
	author = {Cassidy, Sean},
	year = {2014}
}

@misc{netcraft_april_2014,
	title = {April 2014 Web Server Survey},
	url = {http://news.netcraft.com/archives/2014/04/02/april-2014-web-server-survey.html},
	urldate = {2014-08-06},
	author = {{Netcraft}},
	year = {2014}
}

@misc{wheeler_how_2014,
	title = {How to Prevent the next Heartbleed},
	url = {http://www.dwheeler.com/essays/heartbleed.html},
	urldate = {2014-08-06},
	author = {Wheeler, David A.},
	year = {2014}
}

@misc{cheng_ten_2011,
	title = {Ten Reasons to Teach and Learn Computer Programming in C?},
	url = {http://iel.ucdavis.edu/publication/WhyC.html},
	urldate = {2014-08-06},
	author = {Cheng, Harry H.},
	year = {2011}
}

@misc{lopez_how_2014,
	title = {How Java™ Could Have Prevented Heartbleed},
	url = {http://www.forumsys.com/api-security/java-prevented-heartbleed/},
	abstract = {{OpenSSL} continues to cast a shadow over the {IT} industry’s poor choice of programming languages for developing secure software. Neils Ferguson and Bruce Schneier’s mantra, that using a programming language without protection against buffer overflows is tantamount to criminal negligence, is a continuous reminder of memory related security bugs that plague our industry. Before going …},
	urldate = {2014-08-06},
	journal = {Forum Systems},
	author = {López, Javier S.},
	year = {2014},
	keywords = {heartbleed, Java},
	file = {Snapshot:/Users/max/Library/Application Support/Zotero/Profiles/s8qdhoal.default/zotero/storage/RUMAC6HE/java-prevented-heartbleed.html:text/html}
}

@misc{malloy_blogs_2014,
	title = {Blogs {\textbar} How to Detect a Prior Heartbleed Exploit {\textbar} Riverbed},
	url = {http://www.riverbed.com/blogs/Retroactively-detecting-a-prior-Heartbleed-exploitation-from-stored-packets-using-a-BPF-expression.html},
	abstract = {It was relatively widely reported in the popular press as well as many technical sites that a Heartbleed exploitation},
	urldate = {2014-08-07},
	author = {Malloy, P. J.},
	year = {2014},
	keywords = {apm, npm, security},
	file = {Snapshot:/Users/max/Library/Application Support/Zotero/Profiles/s8qdhoal.default/zotero/storage/5CNAMHF2/Retroactively-detecting-a-prior-Heartbleed-exploitation-from-stored-packets-using-a-BPF-express.html:text/html}
}